@Preamble{{\input{bibnames.sty}}
 #{\hyphenation{Post-Script Sprin-ger}}
}

@String{AW ={ {Ad\-di\-son-Wes\-ley}}}
@String{Aw:adr = {Reading, Massachusetts}}
@String{j-TUGboat = { TUGboat}}

@Manual{Dynatext,
 key   ={ Dynatext},
 title   ={{ Dynatext,Electromic Book Indexer/Browser}},
 organization={ Electromic Book Technology Inc.},
 address  ={Proxidence, Rhode Island},
 year  =1991                                            }


@Book{Eijkhout:1991,
 author   ={Victor Eijkhout },
 title   ={{\TeX{} by Topic,a{\TeX}nicians Reference}},
 publisher=AW,
 address  =AW:adr,
 year  =1991,                                          }



@techreport{EVH:Office,
 author   ={Eric van Hervijean },
 title   ={{Future Office Systems Requirements}},
 institution={CERN DO Internal Note},
 year  =1988, month = nov                             }


@Article{Felici:1991,
author   ={James Felici },
title   ={{PostScript veraus TrueType}},
journal={Macworld},
volume  =8,pages={195—201},
month = sep,year  =1991,                              }

@techreport{Knuth:WEB,
title   ={{The \textsf{WEB} System of Structured Documentation}},
author={Donald E,Knuth},
month = sep, year = 1983,
address ={Stanford,CA 94305},
number ={STAN-CS-83-980},
institution ={Department of Computer Science,Stanford University}  }

@phdthesis{Liang:1983,
author   ={Franklin Mark Liang },
month = jun,year  =1983,
school   ={Stanford University},
address={ Stanford , CA 94305},
title  ={{Word Hy-phen-a-tion by Con –pu-ter}},
note ={Also available as Stanford University,Department of Computer Science Reprot No:STAN-CS-83-977}                                       }

@Article{Mittelbach/Schoepf:1990,
author   ={Frank Mittelbanch and Rainer Sch{\”o}pf},
title   ={{The New Font Selection --- User Interface to Standard \LaTeX}},
journal=j-TUGboat,
volume  =11,number=2,
pages={297—305},
year  =1990                                                   }


@Inbook{Wood:color,
author   ={Pat Wood},
cronserf ={Roth:postscript},
booktitle = {{Real World PostScript}},
title   ={PostScript Color Separation},
pages={201--225}                                        }


@Book{Roth:postscript,
editor   ={Stephen E. Roth},
title   ={{Real World PostScript}},
publisher = AW,
address  =AW:adr,
year=1988, 

ISBN ={0-201-06663-7}                           }

@Inproceedings{Yannis:1991,
title   ={{\TeX} and those other languages},
author={Yannis Haralambous},
pages={539-548},
booktitle = {1991 Annual Meeting Proceedings,part 2,\TeX{}Users Group,Twelfth Anhual Meeting,Dedhan,Massachusetts,July 15—18,1991},
editor   ={Hope Hasilton},
origanization   ={{\TeX}Users Group},
year=1991, 
address ={Providence,Rhode Island},
journal =j-TUGboat,
volume =12,month=dec                                  }